{
  "leader": "03609cam a2200877 a 4500",
  "fields": [
    {
      "001": "ocm17384242\\"
    },
    {
      "003": "OCoLC"
    },
    {
      "005": "20211118124112.0"
    },
    {
      "008": "871214s1988\\\\\\\\nyua\\\\\\\\\\b\\\\\\\\001\\0\\eng\\\\"
    },
    {
      "010": {
        "ind1": "\\",
        "ind2": "\\",
        "subfields": [
          {
            "a": "   87036567 "
          }
        ]
      }
    },
    {
      "040": {
        "ind1": "\\",
        "ind2": "\\",
        "subfields": [
          {
            "a": "DLC"
          },
          {
            "b": "eng"
          },
          {
            "c": "DLC"
          },
          {
            "d": "MUQ"
          },
          {
            "d": "NLGGC"
          },
          {
            "d": "BAKER"
          },
          {
            "d": "UKV3G"
          },
          {
            "d": "BTCTA"
          },
          {
            "d": "YDXCP"
          },
          {
            "d": "CO3"
          },
          {
            "d": "GEBAY"
          },
          {
            "d": "EXW"
          },
          {
            "d": "OCLCF"
          },
          {
            "d": "CQ{dollar}"
          },
          {
            "d": "EOS"
          },
          {
            "d": "DEBBG"
          },
          {
            "d": "OCLCQ"
          },
          {
            "d": "CSJ"
          },
          {
            "d": "OCLCO"
          },
          {
            "d": "OCLCQ"
          },
          {
            "d": "YT6"
          },
          {
            "d": "PAU"
          },
          {
            "d": "OCLCO"
          },
          {
            "d": "XFF"
          },
          {
            "d": "CSA"
          },
          {
            "d": "CNO"
          },
          {
            "d": "CSO"
          },
          {
            "d": "OCLCQ"
          },
          {
            "d": "OCLCO"
          },
          {
            "d": "AZU"
          },
          {
            "d": "BDP"
          },
          {
            "d": "WURST"
          },
          {
            "d": "BUF"
          },
          {
            "d": "OCLCO"
          },
          {
            "d": "OCLCA"
          },
          {
            "d": "OCLCO"
          }
        ]
      }
    },
    {
      "019": {
        "ind1": "\\",
        "ind2": "\\",
        "subfields": [
          {
            "a": "60170061"
          }
        ]
      }
    },
    {
      "020": {
        "ind1": "\\",
        "ind2": "\\",
        "subfields": [
          {
            "a": "0393025837"
          }
        ]
      }
    },
    {
      "020": {
        "ind1": "\\",
        "ind2": "\\",
        "subfields": [
          {
            "a": "9780393025835"
          }
        ]
      }
    },
    {
      "020": {
        "ind1": "\\",
        "ind2": "\\",
        "subfields": [
          {
            "a": "0192177702"
          }
        ]
      }
    },
    {
      "020": {
        "ind1": "\\",
        "ind2": "\\",
        "subfields": [
          {
            "a": "9780192177704"
          }
        ]
      }
    },
    {
      "020": {
        "ind1": "\\",
        "ind2": "\\",
        "subfields": [
          {
            "a": "0553348167"
          }
        ]
      }
    },
    {
      "020": {
        "ind1": "\\",
        "ind2": "\\",
        "subfields": [
          {
            "a": "9780553348163"
          }
        ]
      }
    },
    {
      "035": {
        "ind1": "\\",
        "ind2": "\\",
        "subfields": [
          {
            "a": "(OCoLC)17384242"
          },
          {
            "z": "(OCoLC)60170061"
          }
        ]
      }
    },
    {
      "050": {
        "ind1": "0",
        "ind2": "0",
        "subfields": [
          {
            "a": "QH331"
          },
          {
            "b": ".L688 1988"
          }
        ]
      }
    },
    {
      "055": {
        "ind1": "\\",
        "ind2": "4",
        "subfields": [
          {
            "a": "QH331 L68"
          }
        ]
      }
    },
    {
      "082": {
        "ind1": "0",
        "ind2": "0",
        "subfields": [
          {
            "a": "575.01"
          },
          {
            "b": "LOV"
          }
        ]
      }
    },
    {
      "100": {
        "ind1": "1",
        "ind2": "\\",
        "subfields": [
          {
            "a": "Lovelock, James,"
          },
          {
            "d": "1919-"
          }
        ]
      }
    },
    {
      "245": {
        "ind1": "1",
        "ind2": "4",
        "subfields": [
          {
            "a": "The ages of Gaia :"
          },
          {
            "b": "a biography of our living earth /"
          },
          {
            "c": "by James Lovelock."
          }
        ]
      }
    },
    {
      "250": {
        "ind1": "\\",
        "ind2": "\\",
        "subfields": [
          {
            "a": "1st ed."
          }
        ]
      }
    },
    {
      "260": {
        "ind1": "\\",
        "ind2": "\\",
        "subfields": [
          {
            "a": "New York :"
          },
          {
            "b": "Norton,"
          },
          {
            "c": "\u00a91988."
          }
        ]
      }
    },
    {
      "300": {
        "ind1": "\\",
        "ind2": "\\",
        "subfields": [
          {
            "a": "xx, 252 pages :"
          },
          {
            "b": "illustrations ;"
          },
          {
            "c": "22 cm."
          }
        ]
      }
    },
    {
      "336": {
        "ind1": "\\",
        "ind2": "\\",
        "subfields": [
          {
            "a": "text"
          },
          {
            "b": "txt"
          },
          {
            "2": "rdacontent"
          }
        ]
      }
    },
    {
      "337": {
        "ind1": "\\",
        "ind2": "\\",
        "subfields": [
          {
            "a": "unmediated"
          },
          {
            "b": "n"
          },
          {
            "2": "rdamedia"
          }
        ]
      }
    },
    {
      "338": {
        "ind1": "\\",
        "ind2": "\\",
        "subfields": [
          {
            "a": "volume"
          },
          {
            "b": "nc"
          },
          {
            "2": "rdacarrier"
          }
        ]
      }
    },
    {
      "490": {
        "ind1": "1",
        "ind2": "\\",
        "subfields": [
          {
            "a": "The Commonwealth Fund Book Program"
          }
        ]
      }
    },
    {
      "504": {
        "ind1": "\\",
        "ind2": "\\",
        "subfields": [
          {
            "a": "Includes bibliographical references (pages 239-244) and index."
          }
        ]
      }
    },
    {
      "505": {
        "ind1": "0",
        "ind2": "0",
        "subfields": [
          {
            "t": "What Is Gaia? --"
          },
          {
            "t": "Exploring Daisyworld --"
          },
          {
            "t": "The Archean --"
          },
          {
            "t": "The Middle Ages --"
          },
          {
            "t": "Modern Times --"
          },
          {
            "t": "Gaia and the Contemporary Environment --"
          },
          {
            "t": "The Second Home --"
          },
          {
            "t": "God and Gaia."
          }
        ]
      }
    },
    {
      "520": {
        "ind1": "\\",
        "ind2": "\\",
        "subfields": [
          {
            "a": "Offers a new scientific synthesis in harmony with the Greek conception of the Earth as a living whole, as Gaia."
          }
        ]
      }
    },
    {
      "590": {
        "ind1": "\\",
        "ind2": "\\",
        "subfields": [
          {
            "a": "Library holds translations of this title in French : \"Les ages de Gai\u0308a\" ; Swedish \"Gaia : planeten Jorden\" ; Portuguese \"As eras de Gaia : uma biografia da nossa terra viva,\" \"As eras de Gaia : a biografia da nossa terra viva\" ; Italian : \"Le nuove eta\u0300 di Gaia\" ; Korean \"Gaiaui sidae\" ; Japanese \"Gaia no jidai\"."
          }
        ]
      }
    },
    {
      "650": {
        "ind1": "\\",
        "ind2": "0",
        "subfields": [
          {
            "a": "Biology"
          },
          {
            "x": "Philosophy."
          }
        ]
      }
    },
    {
      "650": {
        "ind1": "\\",
        "ind2": "0",
        "subfields": [
          {
            "a": "Gaia hypothesis."
          }
        ]
      }
    },
    {
      "650": {
        "ind1": "\\",
        "ind2": "0",
        "subfields": [
          {
            "a": "Biosphere."
          }
        ]
      }
    },
    {
      "650": {
        "ind1": "\\",
        "ind2": "0",
        "subfields": [
          {
            "a": "Life (Biology)"
          }
        ]
      }
    },
    {
      "650": {
        "ind1": "\\",
        "ind2": "2",
        "subfields": [
          {
            "a": "Biology"
          }
        ]
      }
    },
    {
      "650": {
        "ind1": "\\",
        "ind2": "2",
        "subfields": [
          {
            "a": "Philosophy"
          }
        ]
      }
    },
    {
      "650": {
        "ind1": "\\",
        "ind2": "7",
        "subfields": [
          {
            "a": "Biology"
          },
          {
            "x": "Philosophy."
          },
          {
            "2": "fast"
          },
          {
            "0": "(OCoLC)fst00832439"
          }
        ]
      }
    },
    {
      "650": {
        "ind1": "\\",
        "ind2": "7",
        "subfields": [
          {
            "a": "Biosphere."
          },
          {
            "2": "fast"
          },
          {
            "0": "(OCoLC)fst00832706"
          }
        ]
      }
    },
    {
      "650": {
        "ind1": "\\",
        "ind2": "7",
        "subfields": [
          {
            "a": "Gaia hypothesis."
          },
          {
            "2": "fast"
          },
          {
            "0": "(OCoLC)fst00937049"
          }
        ]
      }
    },
    {
      "650": {
        "ind1": "\\",
        "ind2": "7",
        "subfields": [
          {
            "a": "Life (Biology)"
          },
          {
            "2": "fast"
          },
          {
            "0": "(OCoLC)fst00998188"
          }
        ]
      }
    },
    {
      "653": {
        "ind1": "0",
        "ind2": "0",
        "subfields": [
          {
            "a": "biologie"
          }
        ]
      }
    },
    {
      "653": {
        "ind1": "0",
        "ind2": "0",
        "subfields": [
          {
            "a": "evolutie"
          }
        ]
      }
    },
    {
      "653": {
        "ind1": "0",
        "ind2": "0",
        "subfields": [
          {
            "a": "evolution"
          }
        ]
      }
    },
    {
      "653": {
        "ind1": "0",
        "ind2": "0",
        "subfields": [
          {
            "a": "filosofie"
          }
        ]
      }
    },
    {
      "653": {
        "ind1": "0",
        "ind2": "0",
        "subfields": [
          {
            "a": "philosophy"
          }
        ]
      }
    },
    {
      "653": {
        "ind1": "0",
        "ind2": "0",
        "subfields": [
          {
            "a": "milieuwetenschappen"
          }
        ]
      }
    },
    {
      "653": {
        "ind1": "0",
        "ind2": "0",
        "subfields": [
          {
            "a": "environmental sciences"
          }
        ]
      }
    },
    {
      "653": {
        "ind1": "0",
        "ind2": "0",
        "subfields": [
          {
            "a": "natuur"
          }
        ]
      }
    },
    {
      "653": {
        "ind1": "0",
        "ind2": "0",
        "subfields": [
          {
            "a": "nature"
          }
        ]
      }
    },
    {
      "653": {
        "ind1": "0",
        "ind2": "0",
        "subfields": [
          {
            "a": "oorsprong van het leven"
          }
        ]
      }
    },
    {
      "653": {
        "ind1": "0",
        "ind2": "0",
        "subfields": [
          {
            "a": "origin of life"
          }
        ]
      }
    },
    {
      "653": {
        "ind1": "0",
        "ind2": "0",
        "subfields": [
          {
            "a": "theoretische biologie"
          }
        ]
      }
    },
    {
      "653": {
        "ind1": "0",
        "ind2": "0",
        "subfields": [
          {
            "a": "theoretical biology"
          }
        ]
      }
    },
    {
      "653": {
        "ind1": "1",
        "ind2": "0",
        "subfields": [
          {
            "a": "Environmental Sciences (General)"
          }
        ]
      }
    },
    {
      "653": {
        "ind1": "1",
        "ind2": "0",
        "subfields": [
          {
            "a": "Milieuwetenschappen (algemeen)"
          }
        ]
      }
    },
    {
      "830": {
        "ind1": "\\",
        "ind2": "0",
        "subfields": [
          {
            "a": "Commonwealth Fund Book Program (Series)"
          }
        ]
      }
    },
    {
      "994": {
        "ind1": "\\",
        "ind2": "\\",
        "subfields": [
          {
            "a": "Z0"
          },
          {
            "b": "NYRVC"
          }
        ]
      }
    },
    {
      "948": {
        "ind1": "\\",
        "ind2": "\\",
        "subfields": [
          {
            "h": "NO HOLDINGS IN NYRVC - 1005 OTHER HOLDINGS"
          }
        ]
      }
    },
    {
      "999": {
        "ind1": "\\",
        "ind2": "\\",
        "subfields": [
          {
            "a": "00000000012787"
          }
        ]
      }
    },
    {
      "999": {
        "ind1": "\\",
        "ind2": "\\",
        "subfields": [
          {
            "a": "No barcode, French language copy."
          }
        ]
      }
    },
    {
      "999": {
        "ind1": "\\",
        "ind2": "\\",
        "subfields": [
          {
            "a": "No barcode, French language copy."
          }
        ]
      }
    },
    {
      "999": {
        "ind1": "\\",
        "ind2": "\\",
        "subfields": [
          {
            "a": "No barcode, Swedish language copy."
          }
        ]
      }
    },
    {
      "999": {
        "ind1": "\\",
        "ind2": "\\",
        "subfields": [
          {
            "a": "No barcode, Swedish language copy."
          }
        ]
      }
    },
    {
      "999": {
        "ind1": "\\",
        "ind2": "\\",
        "subfields": [
          {
            "a": "No barcode, Portuguese language copy."
          }
        ]
      }
    },
    {
      "999": {
        "ind1": "\\",
        "ind2": "\\",
        "subfields": [
          {
            "a": "No barcode, Brazilian Portuguese language copy."
          }
        ]
      }
    },
    {
      "999": {
        "ind1": "\\",
        "ind2": "\\",
        "subfields": [
          {
            "a": "No barcode, Brazilian Portuguese language copy."
          }
        ]
      }
    },
    {
      "999": {
        "ind1": "\\",
        "ind2": "\\",
        "subfields": [
          {
            "a": "No barcode, Italian language copy."
          }
        ]
      }
    },
    {
      "999": {
        "ind1": "\\",
        "ind2": "\\",
        "subfields": [
          {
            "a": "No barcode, Italian language copy."
          }
        ]
      }
    },
    {
      "999": {
        "ind1": "\\",
        "ind2": "\\",
        "subfields": [
          {
            "a": "No barcode, Korean language copy."
          }
        ]
      }
    },
    {
      "999": {
        "ind1": "\\",
        "ind2": "\\",
        "subfields": [
          {
            "a": "No barcode, Korean language copy."
          }
        ]
      }
    },
    {
      "999": {
        "ind1": "\\",
        "ind2": "\\",
        "subfields": [
          {
            "a": "No barcode, Japanese language copy."
          }
        ]
      }
    }
  ]
}